
    <zs:record>
      <zs:recordSchema/>
      <zs:recordPacking>xml</zs:recordPacking>
      <zs:recordData>
        <record xmlns="http://www.loc.gov/MARC21/slim">
          <leader>01398cam a2200361 a 4500</leader>
          <controlfield tag="001">12121889</controlfield>
          <controlfield tag="005">20091008124556.0</controlfield>
          <controlfield tag="008">000728s2000    enkab    b    000 0 eng c</controlfield>
          <datafield tag="906" ind1=" " ind2=" ">
            <subfield code="a">7</subfield>
            <subfield code="b">cbc</subfield>
            <subfield code="c">pccadap</subfield>
            <subfield code="d">3</subfield>
            <subfield code="e">ncip</subfield>
            <subfield code="f">20</subfield>
            <subfield code="g">y-gencatlg</subfield>
          </datafield>
          <datafield tag="925" ind1="0" ind2=" ">
            <subfield code="a">acquire</subfield>
            <subfield code="b">1 shelf copy</subfield>
            <subfield code="x">policy default</subfield>
          </datafield>
          <datafield tag="955" ind1=" " ind2=" ">
            <subfield code="a">sf02 import 11-03-00; sf07 11-03-00; sf04; to Dewey 01-10-01; aa07 01-30-01</subfield>
          </datafield>
          <datafield tag="955" ind1=" " ind2=" ">
            <subfield code="a">nb05 to ASCD 7/28/2000</subfield>
          </datafield>
          <datafield tag="010" ind1=" " ind2=" ">
            <subfield code="a">   00340916 </subfield>
          </datafield>
          <datafield tag="020" ind1=" " ind2=" ">
            <subfield code="a">1841711403</subfield>
          </datafield>
          <datafield tag="035" ind1=" " ind2=" ">
            <subfield code="a">(OCoLC)ocm44934749</subfield>
          </datafield>
          <datafield tag="040" ind1=" " ind2=" ">
            <subfield code="a">LRU</subfield>
            <subfield code="c">LRU</subfield>
            <subfield code="d">DLC</subfield>
          </datafield>
          <datafield tag="042" ind1=" " ind2=" ">
            <subfield code="a">pcc</subfield>
          </datafield>
          <datafield tag="043" ind1=" " ind2=" ">
            <subfield code="a">e-gx---</subfield>
          </datafield>
          <datafield tag="050" ind1="0" ind2="0">
            <subfield code="a">DD901.N58</subfield>
            <subfield code="b">S56 2000</subfield>
          </datafield>
          <datafield tag="082" ind1="0" ind2="0">
            <subfield code="a">673/.3</subfield>
            <subfield code="2">21</subfield>
          </datafield>
          <datafield tag="100" ind1="1" ind2=" ">
            <subfield code="a">Simpson, Grace.</subfield>
          </datafield>
          <datafield tag="245" ind1="1" ind2="0">
            <subfield code="a">Roman weapons, tools, bronze equipment and brooches from Neuss--Novaesium excavations, 1955-1972 /</subfield>
            <subfield code="c">Grace Simpson.</subfield>
          </datafield>
          <datafield tag="246" ind1="1" ind2="8">
            <subfield code="a">Novaesium metal objects, 1955-1972</subfield>
          </datafield>
          <datafield tag="260" ind1=" " ind2=" ">
            <subfield code="a">Oxford, England :</subfield>
            <subfield code="b">J. and E. Hedges :</subfield>
            <subfield code="b">Distributed by Hadrian Books,</subfield>
            <subfield code="c">2000.</subfield>
          </datafield>
          <datafield tag="300" ind1=" " ind2=" ">
            <subfield code="a">xxii, 177 p. :</subfield>
            <subfield code="b">ill., maps ;</subfield>
            <subfield code="c">30 cm.</subfield>
          </datafield>
          <datafield tag="440" ind1=" " ind2="0">
            <subfield code="a">BAR international series ;</subfield>
            <subfield code="v">862</subfield>
          </datafield>
          <datafield tag="504" ind1=" " ind2=" ">
            <subfield code="a">Includes bibliographical references (p. ix-xxi).</subfield>
          </datafield>
          <datafield tag="650" ind1=" " ind2="0">
            <subfield code="a">Bronze implements</subfield>
            <subfield code="z">Germany</subfield>
            <subfield code="z">Neuss</subfield>
            <subfield code="v">Catalogs.</subfield>
          </datafield>
          <datafield tag="650" ind1=" " ind2="0">
            <subfield code="a">Iron implements</subfield>
            <subfield code="z">Germany</subfield>
            <subfield code="z">Neuss</subfield>
            <subfield code="v">Catalogs.</subfield>
          </datafield>
          <datafield tag="650" ind1=" " ind2="0">
            <subfield code="a">Fibulas (Jewelry)</subfield>
            <subfield code="z">Germany</subfield>
            <subfield code="z">Neuss</subfield>
            <subfield code="v">Catalogs.</subfield>
          </datafield>
          <datafield tag="651" ind1=" " ind2="0">
            <subfield code="a">Neuss (Germany)</subfield>
            <subfield code="x">Antiquities, Roman</subfield>
            <subfield code="v">Catalogs.</subfield>
          </datafield>
          <datafield tag="650" ind1=" " ind2="0">
            <subfield code="a">Romans</subfield>
            <subfield code="z">Germany</subfield>
            <subfield code="z">Neuss.</subfield>
          </datafield>
          <datafield tag="923" ind1=" " ind2=" ">
            <subfield code="d">20000718</subfield>
            <subfield code="n">553239</subfield>
            <subfield code="s">Everetts</subfield>
          </datafield>
        </record>
      </zs:recordData>
      <zs:recordPosition>4</zs:recordPosition>
    </zs:record>